<collection xmlns="http://www.loc.gov/MARC21/slim">
<record>
  <leader>01408nam0a22002891i 450 </leader>
  <controlfield tag="001">IT\ICCU\CNCE\050447</controlfield>
  <controlfield tag="005">20061007000000.0</controlfield>
  <datafield tag="012" ind1=" " ind2=" ">
    <subfield code="a">i,e- neur i,a- vefa (3) 1573 (R)</subfield>
    <subfield code="2">fei</subfield>
  </datafield>
  <datafield tag="100" ind1=" " ind2=" ">
    <subfield code="a">20000119d1573        0itac0103    ba</subfield>
  </datafield>
  <datafield tag="101" ind1=" " ind2=" ">
    <subfield code="a">LAT</subfield>
  </datafield>
  <datafield tag="102" ind1=" " ind2=" ">
    <subfield code="a">IT</subfield>
  </datafield>
  <datafield tag="200" ind1="1" ind2=" ">
    <subfield code="a">Haec sunt acta capituli generalis Valentiae celebrati in conventu Sancti Sebastiani Ordinis minimorum anno Domini MDLXXI. Studio et opera reuerendi patris fratis Gasparis Passarelli eiusdem ordinis moderni generalis, repurgata, et in lucem emissa.Apud praeclarissimam ciuitatem Neapolim</subfield>
  </datafield>
  <datafield tag="210" ind1=" " ind2=" ">
    <subfield code="a">Neapoli</subfield>
    <subfield code="c">excudebat Andreas Bax Antuerpiensis</subfield>
    <subfield code="d">1573</subfield>
    <subfield code="e">Neapoli</subfield>
    <subfield code="g">apud Andream Bax Antuerpiensem</subfield>
    <subfield code="h">1573</subfield>
  </datafield>
  <datafield tag="215" ind1=" " ind2=" ">
    <subfield code="a">\20! c.</subfield>
    <subfield code="d">4ʻ</subfield>
  </datafield>
  <datafield tag="620" ind1=" " ind2=" ">
    <subfield code="a">IT</subfield>
    <subfield code="d">Napoli</subfield>
  </datafield>
  <datafield tag="710" ind1="0" ind2="2">
    <subfield code="a">Minimi</subfield>
    <subfield code="3">7496</subfield>
  </datafield>
  <datafield tag="702" ind1=" " ind2="1">
    <subfield code="a">Passarello,</subfield>
    <subfield code="b">Gaspare</subfield>
    <subfield code="3">IT\ICCU\CNCA\008311</subfield>
  </datafield>
  <datafield tag="712" ind1="0" ind2="0">
    <subfield code="a">Bax, Andrea</subfield>
    <subfield code="3">IT\ICCU\CNCT\000845</subfield>
    <subfield code="4">650</subfield>
  </datafield>
  <datafield tag="791" ind1="0" ind2="2">
    <subfield code="a">Ordo Minimorum</subfield>
    <subfield code="3">15542</subfield>
    <subfield code="z">Minimi</subfield>
  </datafield>
  <datafield tag="791" ind1="0" ind2="2">
    <subfield code="a">Fratres Minimi sancti Francisci de Paula</subfield>
    <subfield code="3">21181</subfield>
    <subfield code="z">Minimi</subfield>
  </datafield>
  <datafield tag="790" ind1=" " ind2="0">
    <subfield code="a">Paolotti</subfield>
    <subfield code="3">IT\ICCU\CNCA\024600</subfield>
    <subfield code="z">Minimi</subfield>
  </datafield>
  <datafield tag="790" ind1=" " ind2="1">
    <subfield code="a">Passarelli,</subfield>
    <subfield code="b">Gaspare</subfield>
    <subfield code="3">IT\ICCU\CNCA\021825</subfield>
    <subfield code="z">Passarello, Gaspare</subfield>
  </datafield>
  <datafield tag="790" ind1=" " ind2="1">
    <subfield code="a">Passarellus,</subfield>
    <subfield code="b">Gaspar</subfield>
    <subfield code="3">IT\ICCU\CNCA\021826</subfield>
    <subfield code="z">Passarello, Gaspare</subfield>
  </datafield>
  <datafield tag="791" ind1="0" ind2="0">
    <subfield code="a">Bacx, Andreas</subfield>
    <subfield code="3">IT\ICCU\CNCT\003027</subfield>
    <subfield code="z">Bax, Andrea</subfield>
  </datafield>
  <datafield tag="801" ind1=" " ind2="3">
    <subfield code="a">IT</subfield>
    <subfield code="b">ICCU</subfield>
    <subfield code="c">20201115</subfield>
  </datafield>
  <datafield tag="899" ind1=" " ind2=" ">
    <subfield code="a">Biblioteca civica Romolo Spezioli. Fermo</subfield>
    <subfield code="1">AP0012</subfield>
    <subfield code="2">UMC FM</subfield>
  </datafield>
  <datafield tag="899" ind1=" " ind2=" ">
    <subfield code="a">Biblioteca comunale. Assisi</subfield>
    <subfield code="1">PG0001</subfield>
    <subfield code="2">UM1 10</subfield>
  </datafield>
</record>
</collection>
